<?xml version="1.0" encoding="UTF-8"?><record xmlns="http://www.loc.gov/MARC21/slim" xmlns:cinclude="http://apache.org/cocoon/include/1.0" xmlns:zs="http://www.loc.gov/zing/srw/">
  <leader>00430cz  a2200133n  4500</leader>
  <controlfield tag="001">n  93016956 </controlfield>
  <controlfield tag="003">DLC</controlfield>
  <controlfield tag="005">19961106141131.1</controlfield>
  <controlfield tag="008">930223n| acannaab|          |n aaa ||| b</controlfield>
  <datafield tag="010" ind1=" " ind2=" ">
    <subfield code="a">n  93016956 </subfield>
  </datafield>
  <datafield tag="040" ind1=" " ind2=" ">
    <subfield code="a">DNLM</subfield>
    <subfield code="c">DLC</subfield>
    <subfield code="d">DLC</subfield>
  </datafield>
  <datafield tag="100" ind1="1" ind2="0">
    <subfield code="a">Chino, Shizuka,</subfield>
    <subfield code="d">1924-</subfield>
  </datafield>
  <datafield tag="670" ind1=" " ind2=" ">
    <subfield code="a">Her Ningen chuĚshin no kango, 1989:</subfield>
    <subfield code="b">t.p. (Chino Shizuka; prof., Saitama Kenritsu Eisei Tanki Daigaku)</subfield>
  </datafield>
  <datafield tag="670" ind1=" " ind2=" ">
    <subfield code="a">NDL choshamei, 1991</subfield>
    <subfield code="b">(Chino Shizuka; b. 1924)</subfield>
  </datafield>
</record>